@online{def1,
title={Definizione "Museo" in Italia},
url={https://it.wikipedia.org/wiki/Codice_dei_beni_culturali_e_del_paesaggio},
}

@online{def2,
title={Definizione "Museo" Treccani},
url={https://www.treccani.it/enciclopedia/museo/},
}

@online{louvre,
title={Museo del Louvre},
url={https://en.wikipedia.org/wiki/Louvre},
}

@online{cidoc,
title={Cidoc CRM},
url={http://www.cidoc-crm.org/},
}

@online{europeana,
title={Europeana},
url={https://pro.europeana.eu/page/edm-documentation},
}

@online{core,
title={Core Ontology},
url={http://dati.beniculturali.it/lode/extract?url=https://raw.githubusercontent.com/ICCD-MiBACT/ArCo/master/ArCo-release/ontologie/core/core.owl},
}

@online{infomusei,
title={Musei Wikipedia},
url={https://it.wikipedia.org/wiki/Museo},
}

@online{infopere,
title={Arte Wikipedia},
url={https://it.wikipedia.org/wiki/Arte},
}

@online{museoitalia,
title={MuseoItalia},
url={www.museionline.info},
}

@online{themet,
title={TheMet},
url={www.metmuseum.org},
}

@online{momat,
title={MoMat},
url={www.momat.go.jp},
}
